918 1479
434 123 58 63 — 22 —

187 183 401 56 ☙ CHATELAIN (Mme Cécile)

373 234 322 35 31, rue Vallier, Levallois-Perret (Seine).

249 245 306 53 150. Bois de Ville-d'Avray. A. Br.

250 287 302 28 151. Bois de Ville-d’Avray. A. Br.

186 345 281 50 ☙ CLAGUE (H.-J.)

373 375 338 46 Ballavale Walkley, Sheffield (Angleterre).

250 399 304 42 152. Feuille d'automne. D. G. cl.

250 432 302 26 153. Premier Printemps. D. G. cl.

250 443 316 36 154. Un Chemin rustique. D. G. cl.

250 469 249 42 155. Le Ruisseau. D. G. cl.

188 533 436 51 ☙ COHEN (Lewis) C. C. L.- L. R.

376 570 273 43 28, Charing Cross Road, Londres.

248 598 340 49 156. Étude pour une carte d'invitation.

190 665 310 46 ☙ COLARD (H.) L. R.

375 701 246 48 4, rue de la Banque, Bruxelles.

254 737 138 37 157. Prairial.

251 762 288 32 158. Les Rayons et les Ombres.

251 782 284 40 159. Le Soir ramène le Silence.

252 798 262 40 160. « Fine day in London ».

255 824 465 53 160 bis. Où frissonnent les joncs, bruit l'eau qui chemine.

196 871 334 65 ☙ COLLS (Walter) L. R.

378 916 317 45 The Studio, Castelnau Gardens, Barnes,

663 944 73 59 Londres.

254 947 280 50 161. Crépuscule sur la Tamise.

255 976 250 40 162. L’Approche de l’Orage.

254 997 169 35 163. Sur le canal.

252 1020 155 35 164. Simplicité.

202 1075 218 47 ☙ COLON (H.)

378 1119 259 43 19, rue des Douze-Mois, Anvers.

254 1142 281 48 165. Le Graveur sur Verre. A.

252 1173 267 37 166. Pêcheur de Crevettes. A

252 1193 420 50 167. Sur l’Escaut (Approche de l'Orage). D. Pl.

252 1215 284 44 168. La Senne à Tubize. D Pl.
