947 1502
408 160 59 46 — 25 —

157 189 484 70 ☙ DARNIS (Achille) P. C. P. - S. A. E.

348 246 183 38 4, rue Marbeuf, Paris.

222 280 279 39 203. Éperviers au Nid. D. Ch.

224 311 282 29 204. Le Soir, à Mantes. A. Ch.

225 330 199 30 205. Portrait. A. Br.

225 351 235 28 206. Vieilles. A. Br. Vu.

157 389 456 71 ☙ DAVID (Ludwig) C. C. V. - L. R.

349 443 329 55 VI Stiegenstrasse, 16, Vienne (Autriche).

220 486 304 40 206 bis. Paysage marécageux. D. Pl.

162 550 470 50 ☙ DAVIS (Henry-E.) C. C. L. - L. R.

348 589 272 40 28, Charing Cross Road, Londres.

224 630 249 35 207. Le Soir à Denham. D.

225 657 194 26 208. Les Allèges. D.

226 669 232 36 209. Jeune Braconnier. D.

224 702 140 23 210. L’Été. D.

224 713 302 38 211. Crépuscule au Printemps. D.

157 783 381 45 ☙ DAVISON (George) L. R.

346 809 291 50 Arnisson Road, Clovelly (Angleterre).

220 852 259 34 212. Rivière dans le Sussex.

222 879 226 30 213. Au Soleil couchant.

222 896 285 33 214. Une Ferme dans le Marais.

222 916 261 34 214 bis. Une Route sur la Côte.

220 936 261 32 215. Sable, Herbes et Brise.

222 957 222 31 216. Le Garçon d’écurie.

221 981 247 32 216 bis. Rivière à marée basse.

221 1002 154 30 217. Chardons.

219 1013 174 39 218. Marée basse.

220 1023 371 50 219 La Jetée de Southend pendant la nuit.

159 1095 333 60 ☙ DECLERCQ (Désiré)

345 1127 177 48 Grammont (Belgique).

216 1180 158 29 220. Le Potier.

217 1199 172 32 221. Le Sabotier.

217 1210 312 42 222. Il me faut changer de lunettes.

217 1231 320 63 222 bis. Ce que peut souffrir une mère !
