918 1479
460 133 66 49 — 28 —

215 163 226 62 ☙ DUBREUIL

403 205 222 46 12, rue Patou, Lille (Nord).

277 239 254 38 255. Sombre clarté. A. Ch.

277 266 252 33 256. Chrysanthèmes. D. Pl.

277 289 269 33 257. Midi aux Champs. D. Pl.

278 313 188 27 258. Crépuscule. A.

276 329 391 39 259 Attelage de Bœufs dans les Pyrénées. A.

217 412 301 47 ☙ DUMONT (Oscar)

403 447 260 50 60, rue Ratisbonne, Lille (Nord).

276 483 274 40 260. Chemin perdu. D. Ch. V.

276 506 266 36 261. Avant l'orage. D. Ch. V.

276 531 196 35 262. Le Miroir. D. S.

215 613 376 48 ☙ EICKEMEYER (R.) L. R.

403 650 253 46 Yonkers, New-York (U. S. A.)

273 677 214 41 263. Planteur du Sud.

273 703 225 34 264. Jour de novembre.

273 724 166 32 265 Qui est-ce?

273 746 281 32 266. Par la pluie, dans le bois.

275 769 255 29 267. Le Champ de la veuve.

276 788 199 30 268. Après le travail.

273 808 198 30 269. L’Oncle Essick.

214 884 323 55 ☙ ELLIS (Thomas-R.)

399 928 351 48 5, Cambridge Terrace, Woollvich, Londres.

275 960 291 39 270. L'Entrée du village. D. Br.

276 988 287 41 271. Attendant la marée. D. Br.

214 1062 478 62 ☙ EMANUEL (Charles-H.-L.) L. R.

402 1111 338 54 145, Gloucester Ice, Hyde Park, Londres.

273 1135 231 48 272. Le Port de Whitby.

275 1165 139 32 273. Cromer.

273 1184 361 54 274 Pêcheurs de sardines à Concarneau.
