924 1585
170 730 74 121 V

263 548 326 63 Avant-Propos

259 731 454 48 oici la troisième année que, sur l’in¬

267 766 448 46 vitation du Photo-Club de Paris, les

270 797 443 54 photographes amateurs et profession¬

154 840 562 38 nels de toutes les nationalités présentent au public

155 875 558 44 parisien le résultat de leurs tentatives nouvelles.

181 904 535 48 Ils ont voulu dégager la photographie de son

155 936 561 46 côté purement mécanique et la plier, autant qu’il

157 972 560 49 est possible de le faire, à la représentation artis¬

155 1009 562 46 tique et personnelle de la nature. En somme, ils

157 1042 562 51 ne demandent à la photographie que ce qu’on

158 1077 561 45 est en droit de demander à tout procédé de repro¬

157 1113 564 45 duction monochrome, quel qu'il soit, quand le

154 1150 566 44 cerveau qui le dirige est doué de ce qu'on est

159 1190 430 38 convenu d’appeler le sens artistique.

186 1221 538 40 Nous voudrions donc nous servir de notre

159 1254 564 61 objectif pour les mêmes fins que les artistes se
