937 1577
239 173 557 74 servent de leur pinceau, de leur burin ou de

236 235 152 43 leur crayon.

261 269 535 47 Il est certain que la photographie ne rendra

238 303 558 55 pas le sujet de la même façon qu’eux au point

238 344 556 47 de vue métier. Par exemple, les effets particuliers

238 379 552 40 et saisissants que donnent les lavés de l’aqua¬

235 415 555 44 relle, les différentes morsures de l’eau-forte,

234 448 559 46 l’estompage et les enlevés du fusain, obtenus et

234 480 559 40 dirigés par la main même de l’auteur, nous feront

231 512 561 49 toujours défaut ; mais cependant nous croyons

235 546 555 45 pouvoir trouver, avec les divers procédés d’im¬

234 582 558 44 pression photographiques, d’autres effets heureux

232 621 558 43 et intéresants, différents comme aspect de ceux

231 650 559 45 des autres procédés monochromes, — car la tex¬

231 684 561 45 ture et la qualité du dépôt de couleur seront

231 722 557 45 d’autre nature, — mais participant plus ou moins,

230 755 562 42 selon la culure esthétique de l’opérateur, aux

231 792 558 46 qualités artistiques qui donnent de la valeur à ces

228 826 233 47 différents procédés.

253 859 536 41 Pour terminer, je voudrais pouvoir limiter

230 894 559 43 encore plus nettement les tendances et les préten¬

227 934 563 38 tions de cette nouvelle école de photographie dont

228 964 561 43 les œuvres sont expoées à la galerie des Champs¬

227 998 563 44 Élysées. Ces tendances et ces prétentions ont été

228 1034 561 44 beaucoup exagérées, et cette exagération n’a pas

227 1071 563 38 été sans nous nuire. Nous n’avons l’intention de

227 1099 563 45 lutter ni avec la peinture, ni avec la gravure, ni

227 1134 563 46 avec la lithographie. Il est donc inutile de nous

227 1166 563 48 écraser, comme on l'a fait, sous les noms de

227 1205 561 46 Rembrandt, de Van Dyck, de Rousseau ou de

228 1241 444 58 Millet. Nos visées sont plus modestes.

482 155 68 48 — 8 —
