918 1479
447 125 65 62 — 42 —

206 183 313 49 ☙ PEYROUSE (Paul)

394 223 343 43 6, place de la République, Valence (Drôme).

267 252 237 40 470. Le Ruisseau. A. Br.

270 284 233 24 471. La Clairière. A. Br.

268 301 220 34 472. La Source. A. Br.

207 380 281 42 ☙ PINEIRO (F. R.)

397 409 286 49 164, faubourg Saint-Honoré, Paris.

266 444 292 39 473. Christophe Colomb. D. Pl.

272 476 275 29 474. Soldat Louis XIII. D. Pl.

271 495 294 28 475. Sculpteur moyen âge. D. S.

268 515 267 28 476. Étude de Femme. D. S.

209 589 544 50 ☙ PONTON D’AMÉCOURT (Vte de) S. F. P.

397 624 359 37 35, rue de la Source, Nancy (Meurthe-et-

650 655 75 35 Moselle).

223 677 533 37 (Ces épreuves, qui n'ont pas en elles-mêmes un intérêt artistique, ont

209 707 548 34 été cependant admises par le jury parce qu'elles sont des documents

210 725 416 42 utiles pour ceux qui recherchent la vérité dans l'art.)

270 760 420 34 477. Étude de cheval, grand trot allongé. A. Br.

273 785 411 30 478. Étude de cheval, piaffer, extension. A. Br.

272 803 448 33 479. Étude de cheval, saut de la barre 1m,45. A. Br.

273 830 437 30 480. Étude de cheval, sauteurs hors piliers. A. Br.

275 846 276 41 481. Saut de la rivière. A. Br.

213 923 251 53 ☙ POST (W.-B.)

402 955 325 44 111-113, West 38th Street, New-York.

275 983 385 48 482. Dans le port par un temps froid. D. P.

277 1014 237 27 483. Effet d’Orage. D. Pl.

275 1029 254 39 484. Déclin du Jour. D. Pl.

214 1106 395 46 ☙ POULENC (Émile) S. F. P.

402 1146 210 31 2, rue Cambacérès, Paris.

276 1179 275 28 485. Ile Saint-Honorat. A. Pl.

277 1202 391 41 486. Crypte de la Tour Saint-Honorat. A. Pl.
