947 1502
382 152 57 57 — 49 —

137 202 437 52 ☙ VANDERKINDERE (Marcel)

321 249 267 35 97, avenue Brugmann, Bruxelles.

197 279 304 36 594. Matinée de septembre. A. Br.

197 300 334 37 595. Le Pêcheur à la ligne. A. Br. Vu.

197 321 369 38 596. Dans les marais de Genck. A. Br. Vu.

196 342 276 38 597. Brouillard d'hiver. D. Pl.

136 388 380 53 ☙ VAN DER WEYDE L. R.

320 439 236 34 185, Regent Street, Londres.

192 464 261 45 598. L'Invitation à la Danse.

131 525 356 48 ☙ VAN GRINDERBEEK

320 569 306 35 23, rue de Namur, Louvain (Belgique).

194 595 261 40 599. Femme au puits. D. Gl.

130 657 422 46 ☙ VAN-LOO-SMET (Charles)

318 697 295 38 74, rue de Flandre, Gand (Belgique).

189 719 234 43 600. La Pénitente. D. Pl.

191 748 198 34 601. Endormi. D. Pl.

190 769 228 42 602. La Croyante. D. Pl.

127 821 505 52 ☙ VÉDRINES (L. de) P. C. P. - S. F. P.

311 858 361 45 Lafont, par La Rochelle (Charente-Inférieure).

186 891 236 42 603. Marée basse. D. Ch.

126 952 293 59 ☙ VÉRA (H.) S. F. P.

314 981 281 60 55, boulevard Beaumarchais, Paris.

182 1030 260 41 604. Mendiant italien. D. Br.

130 1088 269 49 ☙ VERJUS (Jules)

310 1121 231 43 5 bis, rue des Rosiers, Paris.

184 1150 403 47 605. Le Soir avant l'orage sur le Léman. A. Br.

186 1186 340 29 606. Pâturage (vallée du Garon). A. Br.

185 1199 298 45 607 Barque sur le Léman. A. Br.

185 1219 207 50 608. Le Garon en été.

615 1256 12 50 4
