954 1589
377 150 81 55 — 9 —

162 198 540 58 Nous essayons simplement de montrer au

139 243 563 49 public, au lieu de documents topographiques, de

139 278 560 49 portraits d’actrices ou d'instantanés de vitesse,

140 307 563 53 des reproductions de nature, dont l'intérêt, nous

140 345 566 50 l'espérons, ne sera dû qu’à la composition, à

143 380 563 46 l’éclairage, à la tonalité, à la juste relation des

141 413 565 50 valeurs et au sentiment personnel qu’y aura mis

137 452 110 52 l'auteur.

166 491 537 43 Nous ne réclamons nullement le titre d’artistes.

143 523 563 47 Le public habitué aux choses d’art, saura bien

143 553 563 53 nous le décerner de lui-même, s’il trouve que

145 590 562 48 nous sommes arivés à le mériter. Nous lui

144 627 564 48 demandons aujourd’hui un examen patient et

145 662 565 50 une critique impartiale ; nous lui demandons

147 695 564 57 surtout d'oublier le procédé pour ne voir que le

148 744 102 41 résultat.

268 815 394 162 Robert Demachy
