979 1572
411 154 246 59 Règlement

273 229 539 48 ARTICLE PREMIER. — La Troisième Exposition Internationale d'Art

256 251 555 45 Photographique du Photo-Club de Paris aura lieu à Paris, galerie

260 273 438 38 des Champs-Elysées (avenue des Champs-Elysées, 72).

273 292 534 49 Elle restera ouverte du mardi 12 au dimanche 31 mai inclus,

255 311 359 41 de 10 heures du matin à 6 heures du soir.

268 336 540 45 ART. 2. — Le but de l'Exposition est essentiellement artistique.

269 362 538 40 ART. 3. — Ne pourront y figurer que les œuvres qui, en dehors

254 379 555 41 d’une bonne exécution technique, présenteront un réel caractère

254 399 553 38 artistique, par le choix du sujet, son éclairage ou la composition du

254 417 398 38 tableau (paysage, scènes de genres, études, etc.).

266 438 543 46 ART. 4. — Chaque épreuve devra être présentée séparément, soit

252 455 400 41 dans un cadre, soit montée sur bristol sous verre.

263 482 540 39 Elle devra porter au verso le nom de son auteur et le titre du

256 500 548 42 sujet et être accompagnée, autant que possible, d’une note contenant

250 521 356 34 des renseignements sur le procédé employé.

263 541 540 38 ART. 5. — Le format des épreuves n’est pas limité. Chaque expo¬

252 560 548 42 sant ne pourra exposer un nombre d'épreuves supérieur à dix, quel

247 581 175 32 que soit leur format.

260 601 543 64 ART. 6. — Les œuvres exposées pourront avoir déjà figuré à d'au¬

254 617 545 47 tres expositions et concours, sauf aux précédentes Expositions d'Art

251 637 254 35 Photographique du Photo-Club.

263 658 541 49 Aucun tableau ne pourra être retiré avant la fermeture de l'Expo¬

246 681 56 30 sition.

258 694 541 50 ART. 7. — Les emplacements sont donnés gratuitement. Les expo¬

250 719 546 51 sants n'auront à supporter que les frais d'expédition et de retour de

249 740 104 34 leurs envois.

259 758 541 46 ART. 8. — Un jury d'admission composé de onze membres choisis

245 780 549 43 parmi les notabilités appartenant aux diverses branches de l’Art,

246 803 552 43 examinera les envois et choisira ceux qui lui sembleront dignes de

245 818 183 34 figurer à l’Exposition.

255 842 267 38 Ses décisions seront sans appel.

256 865 350 37 ART. 9. — Il n'y aura pas de récompenses.

255 886 543 45 Chaque exposant recevra une plaquette commémorative gravée à

242 906 79 39 son nom.

613 945 116 46 Le Président,

332 989 459 95 Maurice Bucquet

292 1084 185 55 Le Secrétaire général,

252 1137 255 110 P Bourgeois
