1014 1585
404 257 286 74 Abréviations

288 361 535 61 Les renseignements fournis par les exposants sur les

267 393 555 64 procédés d'impression employés, sont indiqués par les

264 430 225 48 abréviations suivantes :

267 475 201 41 A. Agrandissement.

267 504 203 36 Al. Papier albuminé.

267 520 253 47 Br. Papier au gélatino-bro¬

342 548 124 27 mure d’argent.

261 561 257 42 C. cl. Papier au collodio-

342 585 79 30 chlorure.

265 591 226 45 Ch. Papier au charbon.

260 624 259 40 Ch. V. Papier charbon velours

341 644 70 28 Artigue.

261 660 257 33 Gb. Procédé à la gomme

341 682 108 31 bichromatée.

257 693 257 41 G. cl. Papier au gélatino-chlo¬

338 719 170 52 rure (dit aristotype).

565 487 201 41 D. Épreuve directe.

567 513 121 33 E. Émail.

563 529 182 42 Hél. Héliogravure.

561 552 220 38 Ph. Photocollographie.

561 574 212 37 PI. Papier au platine.

563 593 251 47 Pl. Dm. Papier au platine sepia.

564 616 161 32 S. Papier salé.

569 636 211 34 Vp. Virage au platine.

565 655 170 34 Vr. Virage à l'or.

561 674 252 44 Vu. Virage à l'azotate d’u¬

642 701 45 26 rane.

563 711 205 41 Vc. Virage au cuivre.

255 797 555 57 Indication des Sociétés auxquelles appartiennent les Exposants :

253 845 483 57 C. C. L. Membre du Camera Club de Londres.

253 883 472 49 C. C. V. Membre du Camera Club de Vienne.

251 914 359 42 L.R. Membre du Linked Ring.

251 937 443 52 P. C. P. Membre du Photo-Club de Paris.

249 966 561 64 S. A. E. Membre de la Société d'Excursions des Amateurs

375 1001 144 35 Photographes.

249 1019 556 60 S. A . P. Membre de la Société des Amateurs Photo¬

372 1059 171 32 graphes de Paris.

245 1075 557 59 S. F. P.  Membre de la Société Française de Photographie.

267 1131 535 59 Les membres du Linked Ring ayant été invités indivi¬

244 1167 558 60 duellement par le Comité du Photo-Club, leurs œuvres

244 1200 312 60 n'ont pas été soumises au Jury.
