568 1018
203 61 54 31 — 23 —

22 106 215 37 ☙ COLON (Henri).

134 130 252 40 19, rue des Douze-Mois, Anvers.

85 165 263 45 127 Approche de l'Orage. A. Br.

22 241 279 44 ☙ CORBIN (Paul) P. C. P.

136 266 268 43 155, boulevard Haussmann, Paris.

89 311 285 37 128 L’Automne sur la Seine. A. Br.

23 377 269 47 ☙ CORDONNIER (Ed.).

138 409 256 36 51, avenue Henri-Martin, Paris.

89 448 214 40 129 Le vieux Garde. A. Br.

28 520 360 46 ☙ CORNUBERT LE TEMPEST.

140 551 297 42 87, rue Nationale, Châteauroux (Indre).

93 591 210 40 130 Effet de Neige. D. Ch.

27 665 340 45 ☙ COSTE (Ferdinard) P. C. P.

141 688 297 46 Lacanche, par Arnay-le-Duc, (Côte-

172 718 51 33 d'Or).

95 743 302 39 131 Matinée de Mai en Morvan. A. Br.

95 773 289 30 132 La Rentrée au chenil. D. Ch. V.

95 790 299 34 133 Sur la Lisière du Bois. D. Ch. V.

95 811 249 34 134 Tournée d'hiver. D. Ch. V.

95 832 214 51 135 Une Alerte. D. Ch. V.
