568 1052
210 68 63 38 — 31 —

30 108 327 49 ☙ FARNSWORTH (Emma).

148 142 281 39 26, Elk Street, Albany, New-York.

100 172 351 48 225 "But Rose crossed de road" (Austin

166 208 81 25 Dickson).

102 216 348 40 226 Quand le printemps arrive souriant dans

165 243 208 27 le vallon et sur la colline.

103 259 92 31 227 Étude.

103 281 144 31 228 Vent du Sud.

104 306 115 26 229 La Brise.

104 318 208 31 230 Le Chant de la grève.

105 340 157 38 231 La Cigale (été).

40 430 347 37 ☙ FLORIANSCHUTZ (Ch. de).

155 453 246 40 Landongasse, 39, Vienne VIII.

106 484 349 54 232 Ravin de la Cascade de "Nixen". D. Pl.

43 582 246 43 ☙ GARGAM (Albert).

156 611 207 45 9, rue de Tournon, Paris.

110 650 180 38 233 Coucher de soleil.

46 739 257 45 ☙ GASPAR (Charles).

157 758 301 50 8, rue de l'Hôtel-de-Ville, Arlon (Bel¬

189 793 61 32 gique).

110 822 335 38 234 Les Pavots. Panneau décoratif. D. Br.

112 845 332 43 235 Les Pavots. Panneau décoratif. D. Br.
