568 1052
225 80 58 27 — 41 —

45 119 251 41 ☙ LE BÈGUE (René).

158 147 208 35 51, rue Le Peletier, Paris.

107 177 116 40 334 Solitude.

108 210 91 27 335 Nerée.

107 225 164 30 336 Dans la Prairie.

109 250 150 24 337 Après le Bain.

107 265 224 32 338 Étude de Nu, Plein air.

105 289 195 39 339 Bouquet de Grèves.

43 377 250 42 ☙ LEBLANC (Émile).

156 400 194 47 13, rue de Seine, Paris.

107 439 227 45 340 Une veille Nounou. D.

43 524 293 41 ☙ LEDARD (René) P. C. P.

152 554 267 45 37, rue Godot de-Mauvoy, Paris.

103 591 245 30 341 Une Rue à Biskra. A. Ch.

107 617 278 26 342 Une Rue à Sidi-Barkat. A. Ch.

104 637 288 30 343 La Cuisson du Méchoui. A. Ch.

103 658 239 31 344 Retour du Désert. A. Ch.

43 739 344 42 ☙ LEE FERGUSON (Eugène).

153 770 248 45 1338, W. Street, Washington.

103 809 137 29 345 En Juin. D.

105 827 182 33 346 Étude d'enfant. D.

106 853 184 39 347 Lys de Pâques. D.
