568 1018
287 60 59 32 — 48 —

113 101 288 40 ☙ NAUDOT (Paul) P. C. P.

220 129 221 34 35, rue Washington, Paris.

172 165 347 38 412 Une Pêcherie sur les côtes de Norvège.

235 192 58 22 A. Ch.

172 206 346 34 413 Dans les faubourg de Grenade (Es¬

235 228 120 23 pagne). A. Ch.

172 242 344 42 414 Un Coin du Port à Bergen (Norvège).

242 266 32 33 A. S.

106 355 220 47 ☙ NIEPORT (Otto).

216 383 283 40 31, Fedelhören, Brême (Allemagne).

167 416 319 38 415 Sur le Chemin de la Ferme. D. Pl.

165 447 217 24 416 Silence du soir. D. Pl.

167 467 210 25 417 Calme du Soir. D. Pl.

166 485 199 35 418 Clair de lune. D. Pl.

102 586 257 34 ☙ NORRIE (Willam).

209 606 301 47 28, Cross Street, Fraserburgh (Angle¬

239 635 53 25 terre).

163 664 138 39 419 Près du Feu.

96 756 281 42 ☙ ORIGET (Emmanuel).

205 790 244 42 73, rue de Miromesnil, Paris.

157 823 211 48 420 Effet de neige. A. Br.
