568 1052
254 71 55 30 — 59 —

139 106 249 35 530 Dessous d'oliviers, à Nice.

139 135 350 31 531 Dessous d’oliviers, à Nice, avec montons.

137 156 157 28 532 Une Orientale.

75 208 288 38 ☙ UBELMANN (Robert).

186 237 228 35 92, rue de Maubeuge, Paris.

138 270 250 34 533 Repas aux Champs. A. Br.

139 299 260 29 334 Dans les Montagnes. A. Br.

77 354 160 37 ☙ URFF (S.).

186 374 271 41 8, Frankfurterlandstrasse, Hanau

216 405 110 31 (Allemagne).

138 433 214 36 535 La Forêt en Hiver. A.

78 496 238 37 ☙ VAN-LOO-SMET.

187 512 301 49 74, rue de Flandre, Gand (Belgique).

141 570 183 22 536 Méditation. D. Pl.

141 586 174 26 537 L'Esclave. D. Pl.

142 604 232 34 537 bis Dans l'Atelier. D. Pl.

79 653 357 42 ☙ VERWAEST (le docteur A.).

192 688 242 32 169, rue Saint-Jacques, Paris.

141 725 283 35 538 Sous bois, à Saint-Chéron. Pl.

79 778 404 43 ☙ VILLESTREUX (Cte de la) S. A. E.

191 807 301 39 9, rue Jacques-Lemercier, Versailles.

143 843 349 45 539 Vue sur le Naerofjord (Norwège) A. Br.
