924 1520
367 129 77 49 — 15 —

129 193 301 52 63 — Vallée de la Rabette.

130 230 412 53 64 — Chaumière du « Coin du bois ».

129 285 229 41 65 — Chemin creux.

219 343 457 47 BOUCHARD (Dr Georges), 19, rue d’Alsace,

242 383 257 37 Saumur (Maine-et-Loire).

130 416 351 47 66 — Cabanes de Tramesaïgues.

131 457 235 40 67 — Après la pêche.

219 523 459 49 BOURGEOIS (Paul), 67, rue du Rocher,

242 559 68 33 Paris.

126 592 266 42 68 — Le Père Bernard.

129 633 252 43 69 — Au Coin du feu.

131 676 156 37 70 — Saules.

129 713 412 44 71 — Paysage des bords de la Marne.

128 737 319 57 72 — Départ pour le marché.

130 786 307 47 73 — Paysanne corrézienne.

214 851 461 49 BOUTIQUE (A), 24, rue Saint-Thomas,

243 889 142 40 Douai (Nord).

129 917 228 49 74 — Effet de givre.

129 963 225 41 75 — Les Peupliers.

128 999 275 47 76 — Un Coin de l'étang.

214 1081 415 48 BOVI (Michel), via Chiaja, 123, Naples.

126 1121 260 44 77 — Amour maternel.

128 1159 289 44 78 — La Mère et l'enfant.

126 1193 256 43 79 — Sourire d'enfant.

126 1229 245 50 80 — Etude d'enfant.

126 1270 274 62 81 — Vierge à l'Enfant.
