924 1520
438 125 72 32 — 26 —

286 193 463 61 GRIFFITHS (Evan), Saint-Columb, (Angle¬

310 238 70 38 terre).

198 273 239 48 259 — Sur le Rivage.

196 312 182 49 260 — Vagues.

292 368 454 51 GUILLAUME (Georges), 24, rue Ray¬

315 410 148 33 nouard, Paris.

198 437 224 43 261 — Les Oliviers.

200 480 327 45 262 — La Voiture du pêcheur.

200 519 237 39 263 — Une Matelote.

197 556 313 43 264 — Pêcheuse de crevettes.

201 594 307 41 265 — Préparatifs de pêche.

201 632 299 41 266 — Pêcheuses berckoises.

200 668 293 45 267 — Au Soleil couchant.

288 725 462 47 HAEMMERLE (Théodor), I, François-

310 766 363 42 Joseph quai, 29, Vienne (Autriche).

201 805 292 39 268 — Le grand Glockner.

200 846 304 38 269 — Vallée dans le Tyrol.

197 875 463 52 270 — Village au pied du grand Venediger.

197 915 245 42 271 — Vallée du Nil.

198 953 183 46 272 — Bichari.

290 1008 457 48 HANNON, 43, rue de la Concorde, Bruxelles.

201 1052 316 48 273 — Le Soir sur le Volga.

204 1093 294 40 274 — Matinée d'automne.

292 1152 458 55 HENNEBERG (Dr Hugo), IV Schwindgasse,

314 1184 233 47 17, Vienne (Autriche).

205 1222 177 38 275 — En Été.

204 1264 251 50 276 — Soir d'automne.
