924 1520
441 130 94 40 — 28 —

200 187 440 54 291 — Effet de givre au bord de la Seine.

198 222 412 60 292 — Brume du matin en Décembre.

198 272 281 45 293 — Giboulée de Mars.

201 307 264 41 294 — Midi à Trouville.

200 347 301 44 295 — L’Étang de Cernay.

200 383 399 43 296 — Portail des Libraires à Rouen.

200 423 309 40 297 — L’Approche du Soir.

196 461 352 46 298 — Effet de givre à Auteuil.

283 509 463 61 JUGLAR (Pierre), 15, rue d'Offémont,

310 545 68 36 Paris.

202 582 189 43 299 — Laveuses.

198 628 293 44 300 — Le Passage du gué.

288 672 372 57 KOTCHOUBEY (Michel), Russie.

198 716 278 47 301 — Bords du Soupoï.

200 760 272 40 302 — Bords du Soupoï.

198 801 274 40 303 — Bords du Soupoï.

200 838 343 38 304 — Les Eaux du printemps.

198 872 344 45 305 — Les Eaux du printemps.

198 909 250 43 306 — Journée d'Été.

196 952 255 41 307 — Garde forestier.

198 990 292 38 308 — Village en Ukraine.

198 1020 276 49 309 — Les Eaux calmes.

198 1067 244 35 310 — Les Bouleaux.

195 1098 172 45 311 — Matin.

283 1146 414 59 LACROIX (J.), rue Candolle, Genève.

197 1188 190 44 312 — Portrait.

197 1224 190 47 313 — Portrait.

198 1266 197 57 314 — Sanguine.
