900 1502
376 146 70 34 — 35 —

225 224 458 53 RIGAUX (Jules), 104, rue Royale, Bruxelles.

137 281 334 38 409 — Gros temps à Brighton.

137 320 231 36 410 — Westminster.

138 361 245 40 411 — Effet de neige.

138 389 358 50 412 — Les Enfants du briquetier.

222 455 457 50 ROBARD, 85 et 87, rue de la Grosse-Horloge,

250 495 261 36 Rouen (Seine-Inférieure).

137 533 361 51 413 — Départ matinal de régates.

221 604 466 55 ROBINSON (H.-P.), Tunbridge Wells (An¬

247 650 100 30 gleterre).

136 682 325 48 414 — L'Attente de pêcheurs.

137 728 254 39 415 — Temps orageux.

209 791 480 47 ROBINSON (Ralph-W.), Redhill, Surrey

247 827 138 36 (Angleterre).

136 867 258 41 416 — La Fin du jour.

136 904 354 43 417 — Brouillard sur la Tamise.

135 945 284 43 418 — La Chute du jour.

131 982 379 46 419 — Le Départ pour le pâturage.

136 1023 268 38 420 — Un Coup de vent.

136 1058 297 40 421 — Un nouveau Favori.

217 1125 465 52 ROTHSCHILD (Baron Albert de), Neu¬

246 1166 258 36 gasse, Vienne (Autriche).

133 1197 547 52 422 — Tête d'étude dans le style italien du XVIe siècle.

133 1247 472 40 423 — Vue de Wardhofen (Basse Autriche).

133 1279 459 50 424 — Vue du Lac de Lucerne, l'après-midi.
