864 1481
464 133 74 27 — IV —

227 149 549 49 Ils restent aussi inséparables de la science que la théorie

227 193 548 27 reste inséparable de la pratique. Mais alors l’art se montres

227 217 548 29 à nous différant de la science comme la théorie diffère de la

227 240 549 33 pratique. Par conséquent, du moment où des procedés quels

227 265 549 33 qu’ils soient réalisent l’imitation, celle-ci crée l’œuvre et la

227 291 545 33 rend capable d'agir sur notre imagination, sur notre âme.

228 313 548 32 L’expression en est d’autant plus complète que la matière

227 341 534 31 employée se montre moins rebelle à la volonté de l’artiste.

244 364 531 29 Des instruments ont été inventés pour détruire la résis¬

228 386 548 34 tance de cette matière, l’assouplir, la préparer à changer sa

224 412 551 29 forme et sa nature suivant le sens et le but que l’artiste se

225 435 551 35 propose. Que leur action soit lente ou difficile, il importe

225 462 550 31 peu. Le principal consiste à les tenir en perpétuelle commu¬

227 483 548 34 nication avec la pensée de l’être qui les manie. Certes, le rêve

227 504 548 35 serait de n’avoir besoin d'autre instrument que la main. A

227 533 546 34 part quelques matières spéciales, comme la cire et l’argile,

227 555 546 34 la main à besoin d’un secours. Compas, ciseau, pinceau,

228 578 547 35 burin, plume et piano sont ces secours nécessaires à l’archi¬

227 605 549 35 tecte, au sculpteur, au peintre, au graveur, au poète et au

228 631 547 31 musicien. Chambre noire, obiectif, plaques et produits chi¬

228 654 547 32 miques sont ceux imposés au photographe. Plus nombreux

227 681 549 28 que les premiers, ils constituent, comme eux, des obstacles à

227 699 546 36 Ia libre manifestation. Pourtant architecte, sculpteur, pein¬

225 728 551 38 tre, graveur, poète et musicien créent leurs œuvres en dépit

228 751 155 33 de ces obstacles.

245 775 504 34 Pourquoi n’en serait-il pas de même du photographe ?

244 799 532 36 Si nous recherchons quels sont les attributs esthétiques

225 828 548 32 susceptibles d’engendrer la beauté d’une œuvre d’art, pour

227 851 548 32 si nombreux qu’ils soient, nous remarquerons qu’ils se

229 877 546 30 résument en deux, que je nommerai primordiaux. Ce sont :

225 899 550 32 l’ordonnance et l'expression. A leur côté se dressent d’autres

227 925 548 31 attributs, propres à nous procurer la sensation du beau, mais

227 949 548 32 restant, pour ainsi dire, purement psychologiques. Ce sont :

227 972 255 31 la simultanéité et la liberté.

246 994 530 36 « Pour peindre un paysage, disait le bon vieux Corot, il

227 1019 549 37 faut que devant un motif je sois spontanément empoigné et

228 1050 405 28 que je puisse m’écrier : Arrêtons-nous ici ! »

248 1068 528 40 Dans son langage bonbomme, il exprimait ainsi l’acte

227 1097 549 34 psychologique connu sous le nom de simultaneité et en

228 1123 544 32 vertu duquel le tableau à faire apparaît à première vue,

227 1142 546 35 simultanément, d’un seul coup et non morceau par morceau.

227 1168 548 41 Le photographe, avouons-le, en est maître autant que qui¬

225 1197 81 27 conque.

248 1218 528 33 Quant à la Iiberté, c’est l’acte psychologique qui permet à

225 1240 550 34 l’artiste de modifier l’ampleur du motit choisi, en le complé¬

227 1267 548 48 tant ou en l'atténuant, en l'enrichissant ou en l'appauvris¬
