889 1493
463 100 77 53 — VI —

231 139 553 45 obscur reste le point capital de l'Art photographique et le

230 179 549 31 clair-obscur est l'essence même de la photograbhie. Or le

231 200 550 36 photographe qui connait son art demeure pour ainsi dire

231 227 552 35 maître de ce clair-obscur qui présente avec l’âme autant

232 253 226 30 d’affinité qu’avec la vue.

252 278 529 30 Quant au second attribut primordial, l’expression, le

232 302 546 31 photographe en est mâtre aussi dans une large mesure.

234 328 546 29 Bien qu’il ne puisse toucher, jusqu’a de nouveaux progrès

231 349 550 34 du moins, à l’expression subjective de la couleur qui

232 375 548 31 constitue une des grandes forces du peintre, il peut nous

231 399 550 33 captiver par l’expression subjective des lignes et de la

235 423 548 34 lumière qui dépendent de l’ordonnance. Si elle demeure

232 447 549 35 assez tenue dans le paysage, elle révèle tonte sa force dans

234 474 546 29 la figure humaine, où, grâce à l’instantanéité, le photo¬

232 495 548 36 graphe peut montrer mieux que tout autre artiste, la vérite

232 522 549 30 du geste, de l’attitude, du mouvement, et mettre en évi¬

232 546 548 32 dence, avec un rare bonheur, l’action de la multiplicité des

232 569 548 33 sentiments qui dominent et font agir l’être vivant et pensant.

250 594 531 36 Oui, l’Art photographique existe !... Oui, la photographie

232 619 107 32 est un art !

254 640 527 38 La photographie telle qu'on l’a pratiquée jusqu'à ces der¬

232 665 547 40 niers temps, en France surtout, était peu faite, je l'avoue,

234 693 546 31 pour amener à cette conclusion. Images bien léchées, bien

236 720 544 30 vernissées, mises également au point dans toutes leurs par¬

234 742 547 31 ties ; portraits outrageusement polissés, faisant ressembler

234 766 547 35 les victimes de l’objectif à des representations de figures

234 786 546 38 taillées dans des billes de billard ; monochromies violâtres

234 816 546 36 devenues banales par leur multiplicité ; sujets quelconques

234 841 546 34 offrant rarement un motif pictural ; ciels sans nuages ;

234 864 546 33 paysages sans perspective aérienne et sans effet. L’engoue¬

235 890 548 34 ment vers la photographie, comme moyen de distraction, a

234 911 545 39 encore servi à augmenter le nombre de ces épreuves.

234 939 547 30 et par conséquent aussi l’écœurement qu’on en éprouve et

234 959 549 37 les haros lancés sur elles par tout esprit délicat, tout ami

235 990 203 30 des arts, tout artiste.

255 1007 528 36 Il en allait temps que ce dédain disparût, que la vérité

234 1035 545 37 surgît, qu’elle se regardât dans la glace pour se reconnaître,

234 1061 547 35 d’abord, et se faire connaître aux autres, ensuite. Pour cela, il

235 1083 546 37 fallait des faits, des preuves. Point n’en manquait. Restait à

235 1111 545 32 savoir qui les grouperait, les chasserait, se ferait leur chape¬

235 1135 544 32 ron. Un homme ou un groupe ? Un groupe valait mieux.

235 1157 544 38 Il posséderait plus de force pour prendre une telle initiative.

237 1180 543 36 Mais il fallait un groupe intelligent, hardi, grand admira¬

236 1208 545 36 teur et ami de l’art nouveau, nullement inféodé à l'ancienne

237 1230 544 44 méthode qui, par ses minuties et sa routine, a si longtemps

237 1257 370 50 retardé l'essor de l’Art photographique.
