1104 2046
351 127 121 70 — 45 —

134 202 621 89 MATHY (Capitaine R.). C. EFF.

308 276 522 71 41, rue Wény, Ixelles-Bruxelles.

13 351 251 58 357 Étude. Gb.

11 393 272 53 358 Captive. Br.

17 436 254 63 359 Pensée. Br.

134 523 702 75 MAUPEOU (Vte A. de). P. C. P. - S. A. E.

406 589 428 70 4, rue de La Baume, Paris.

15 664 425 64 360 Sous la neige. A. Br.

17 707 421 56 361 Sous la neige. A. Br.

17 750 414 54 362 Sous la neige. A. Br.

134 843 435 74 MEYER HEIN (H.).

419 924 417 47 16, rue Brémontier, Paris.

17 976 385 62 363 L'Hiver. A. Ch. Fr.

139 1089 465 65 MICHELIS (Fernand).

336 1138 500 74 Palais de la Bourse (Marseille).

20 1210 413 60 364 Dans le Port. A. Ch.

22 1259 399 53 365 Remorqueur. A. Ch.

22 1299 505 51 366 Paysage d'Automne. A. Ch.

145 1391 667 71 MISONNE (Léonard). A. B. DE PH.

568 1456 268 71 Gilly (Belgique).

22 1502 384 61 367 Hiver sur la Meuse.

22 1549 428 60 368 Au Coucher du Soleil.

20 1597 387 58 369 Hiver sur la Meuse.

22 1629 194 52 370 Brume.

22 1679 261 68 371 En passant.
