1100 2050
537 162 131 51 — 20 —

311 227 450 85 CANOVAS (Antonio).

658 287 368 80 Almagro, 12, Madrid.

195 360 494 77 96 Message d'Amour. D. G. cl.

193 416 368 58 97 En Grèce. D. G. cl.

196 462 363 69 98 La Prière. D. G. cl.

326 592 703 72 CASIER (Jos.). A. B. DE PH. - P. C. P.

420 650 609 69 91, rue des Rémouleurs, Gand (Bel¬

472 695 125 60 gique).

210 755 477 68 99. Soir d'Automne à la mer.

208 811 500 55 100 Au parc de S'Gravenwesel.

337 936 583 80 CATALANO (Comte M. de).

603 1025 437 42 1, rue Marchetti, Marseille.

218 1069 755 65 101 Matinée brumeuse sur le Bosphore. A. Ch.

220 1122 724 60 102 Crépuscule dans le golfe d'lsmidt. A. Ch.

343 1245 425 78 CAVANIET (Louis).

629 1318 423 57 168, rue Lafayette, Paris.

227 1375 301 75 103 La Lettre. Br.

350 1515 512 80 CHARPENTIER (Paul).

711 1573 349 68 11, quai Conti, Paris.

236 1648 706 62 104 Lever de soleil sur le lac Leman. A. Br.

242 1696 822 80 105 Coucher de soleil sur le lac des 4 Cantons A. Br.
