1300 2202
440 273 310 77 DUFLOT (A.).

752 333 397 65 66, rue de Rome, Paris.

325 379 409 63 196 Jour d'Hiver. A. Gb.

325 431 328 57 197 Cascade. A. Gb.

323 471 439 57 198 Jacqueline. D. Ch. Fr.

444 594 321 68 DUFOUR (F.).

620 655 531 64 36, rue de la République, Tarare

653 697 151 55 (Rhône).

325 763 648 53 199 Fin de jour, Labourage. A. Ch. Fr.

675 203 105 48 — 28 —

448 888 376 71 DULIT (Fernand).

650 945 499 60 10bis, rue Germain-Pilon, Paris.

325 1027 411 53 200 Sur la Berge. D. Br.

446 1150 606 61 DURAND-L'HERMEROUT.

549 1209 605 47 Villa des Violettes, 87bis, avenue de la

582 1253 484 51 République, Vincennes (Seine).

326 1304 507 66 201 Le Vieux Chemineau. Gb.

448 1442 359 55 DYKES (Robert).

587 1493 566 63 Villa Medusa, Borwell Road, Édim¬

609 1539 252 59 bourg (Écosse).

323 1598 628 64 202 Le Jardin de Paris, la nuit. A. Br.

330 1651 824 61 203 Attaque de torpilleurs sur la Flotte anglaise de

453 1695 700 48 la Manche et l'Escadre de croiseurs, à mi¬

455 1732 696 53 nuit, le 31 mai 1905, à Queensferry, Ébim¬

453 1770 116 59 bourg.
