1300 2206
509 198 129 52 — 43 —

285 273 568 67 LE BÈGUE (René). P. C. P.

571 334 416 64 51, rue Le Peletier, Paris.

163 386 269 55 373 Portrait. A.

163 432 368 53 374 Page d’Album. A.

167 470 386 59 375 Étude sanguine. A.

285 612 290 55 LE BRIERO.

586 652 401 79 Port-Launay (Finistère).

163 727 454 74 376 Paysage breton. A. Gb.

281 869 574 75 LECREUX (Gaston). P. C. P.

540 943 447 64 19, rue de Vintimille, Paris.

161 977 432 63 377 Effet de Neige à Caux.

161 1022 329 60 378 Lac de Genève.

163 1069 315 61 379 Sur la Lagune.

283 1198 388 63 LEDOUX (André).

417 1255 568 72 18, rue des Verjus, Suresnes (Seine).

161 1329 432 49 380 A la Batteuse. D. Gb.

161 1365 640 56 381 Attendant la marée de nuit. D. Gb.

161 1413 600 46 382 La Vienne à Mongeroult. D. Gb.

163 1448 568 57 383 La Baie des Trépassés. D. Gb.

285 1551 665 97 LE FOLCAVEZ (Lieutenant H.).

463 1654 524 64 (Saint-Cyr-l’Ecole (Seine-et-Oise).

159 1718 398 52 384 La Toilette. D. Ch.

165 1757 430 64 385 Avant la Pose. D. Ch.
