1299 2206
390 597 344 79 RÈGLEMENT

178 818 799 55 ARTICLE PREMIER. — Le Onzième Salon International de Photographie

150 858 823 42 du Photo-Club de Paris aura lieu à Paris, au Palais de Glace,

152 891 214 41 Champs-Élysées.

180 922 797 39 Il ouvrira le samedi 16 juin à 2 heures; il restera ouvert les jours

152 954 823 47 suivants jusqu'au dimanche 15 juillet inclus, de 10 heures du matin

154 983 239 48 à 6 heures du soir.

174 1022 747 55 ART. 2. — Le but de l'Exposition est essentiellement artistique.

176 1071 797 48 ART. 3. — Ne pourront y figurer que les œuvres qui, en dehors

154 1106 821 42 d'une bonne exécution technique, présenteront un réel caractère

156 1139 821 48 artistique, par le choix du sujet, son éclairage ou la composition du

158 1172 594 46 tableau (paysages, scènes de genre, études, etc.).

180 1205 798 54 ART. 4. — Chaque épreuve devra être présentée séparément, soit

160 1244 599 46 dans un cadre, soit montée sur bristol sous verre.

182 1277 793 46 Elle devra porter au verso le nom de son auteur et le titre du sujet.

180 1319 797 50 ART. 5. — La dimension des cadres ne pourra excéder un mètre sur

158 1351 817 49 quatre-vingts centimètres. Chaque exposant ne pourra exposer un

158 1386 749 46 nombre d'épreuves supérieur à six, que que soit leur format.

183 1424 794 54 ART. 6. — Les œuvres exposées pourront avoir déjà figuré à

154 1457 725 46 d'autres expositions que celles organisées par le Photo-Club.

185 1490 792 54 Aucun tableau ne pourra être retiré avant la fermeture de l'Ex¬

160 1525 115 54 position.

180 1557 798 55 ART. 7. — Les emplacements sont donnés gratuitement. Les

158 1599 820 42 exposants n'auront à supporter que les frais d'expédition et de retour

160 1632 200 53 de leus envois.

180 1660 798 62 ART. 8. — Les demandes d'admission devront être adressées

156 1707 817 44 avant le 1er mai 1906, à M. le Secrétaire général du Photo-Club.

158 1740 335 56 44, rue des Mathurins, Paris.
