1299 2202
354 266 803 56 ART. 9. — Les envois devront parvenir, au plus tard, au Photo-Club

327 310 685 45 de Paris, le 15 mai, délai de rigueur, port payé à domicile.

360 343 795 46 Passé ce délai, aucun envoi ne sera admis pour quelque motif que ce soit.

360 376 795 40 La réexpédition des œuvres admises ou non sera faite, au plus

332 409 820 42 tard, dans les quinze jours qui suivront la clotûre de l'Exposition,

328 438 829 42 en port dû et contre remboursement des frais qui auraient été payés

332 467 140 44 à l'arrivée.

358 513 797 44 ART. 10. — Un jury d'admission, composé de personnalités appar¬

338 548 819 39 tenant aux diverses branches de l'Art, examinera les envois et choi¬

336 579 740 44 sira ceux qui lui sembleront dignes de figurer à l'Exposition.

358 603 386 53 Ses décisions seront sans appel.

358 647 801 48 ART. 11. — Le Photo-Club de Paris n'entend assumer aucune

334 684 821 42 responsabilité en cas d'incendie des œuvres exposées, mais il pren¬

336 711 663 50 dra les mesures nécessaires pour éviter les risques.

356 752 807 53 ART. 12. — Il n'y aura ni récompense, ni médaille commémorative.

360 809 801 36 ART. 13. — Les caisses porteront en grands caractères le nom

336 836 825 57 et l'adresse de l'expéditeur, ainsi que le nombre de cadres qu'elles

336 869 156 54 contiennent.

428 934 249 51 Le Secrétaire général,

858 919 156 60 Le Président,

483 979 220 54 PAUL BOURGEOIS.

802 974 241 66 MAURICE BUCQUET.

672 189 118 56 — IV —
