1299 2203
497 193 144 56 — 69 —

262 266 713 73 WALLON (E.). P. C. P. - S. F. P. -

354 334 149 49 S. A. E.

575 381 396 63 65, rue de Prony, Paris.

145 451 782 64 665 Après le Marché (La Roche-Bernard). A. Br.

145 503 564 45 666 Environs de Guérande. A. Br.

143 541 636 48 667 Au Pays des Marais salants. A. Br.

141 576 483 53 668 Marais de Villers. A. Br.

143 626 527 47 669 Les Grandes Herbes. A. Br.

143 657 413 62 670 Au Printemps. A. Br.

264 835 601 81 WARBURG (Miss Agnès B.).

391 910 575 62 8, Porchester Terrace, Londres W.

424 954 220 50 (Angleterre).

135 1026 627 66 671 Sur la Côte du Devonshire. A. Pl.

135 1077 416 50 672 Jour d’Orage. A. Br.

135 1112 574 53 673 Les Chevaux de la Mer. A. Br.

137 1158 735 48 674 Verger de Cerisiers au Printemps. D. Pl.

135 1196 719 56 675 Neige et Brume dans Hyde Park. D. Br.

139 1233 724 70 676 Église de Saint-Peter, Sandwich. D. Gb.

273 1398 509 78 WARBURG (J. C.). L. R.

349 1468 613 72 21, Pembridge Gardens, Londres W.C.

372 1520 217 58 (Angleterre).

135 1586 318 55 677 Ressac. A. Br.

130 1628 410 57 678 Gothemburg. A. Br.

134 1670 494 53 679 Le dernier Rayon. A. Gb.

130 1710 388 52 680 Le Trapèze. D. Pl.

132 1755 426 62 681 Plage Solitaire D. Pl.
