1299 2206
198 511 747 75 INDICATION DES SOCIETÉS

160 628 828 63 AUXQUELLES APPARTIENNENT LES EXPOSANTS

161 750 823 58 A. B. DE PH.   Membre de l'Association Belge de Pho¬

402 797 168 52 tographie.

165 830 703 48 A. N.      Membre de l'Artistique de Nice.

161 867 819 54 C. C. L.     Membre du Camera-Club de Londres.

161 904 781 57 C. C. V.     Membre du Camera-Club de Vienne.

161 950 816 50 C. E.     Membre du Cercle "L'Effort" –

401 989 167 45 Bruxelles.

163 1022 595 60 L. R. Membre du Linked Ring.

158 1066 721 51 P. C. P.     Membre du Photo-Club de Paris

163 1103 825 66 P. S. U. A. Membre de la Photo-Secession des

401 1163 380 33 États-Unis d'Amérique.

158 1178 824 64 P. T. F. Membre du Photo Touring de France.

160 1228 822 58 R. P. S. Membre de la Royal Photographic So¬

395 1262 103 54 ciety.

161 1294 825 57 S. A. E. Membre de la Société d'Excursions des

402 1341 440 46 Amateurs de Photographie.

161 1371 696 57 S. E.     Membre de la Société d'Études.

161 1408 823 60 S. F. P.      Membre de la Société Française de Pho¬

401 1457 171 46 tographie.

161 1481 827 76 S. V. PH. Membre de la Société Versaillaise de

401 1531 233 57 Photographie.

875 1816 35 53 1.
