933 1495
411 90 76 50 — 19 —

203 139 571 50 CLARKSON (Émilie-V.), Holcroft, Potsdam (New-

229 175 201 43 York). (U. S. A.)

116 205 483 52 138 — Coucher de Soleil sur l'Océan. Ch.

118 241 243 36 139 — L'Océan. Ch.

118 270 352 36 140 — Le Calme du Soir. Ch.

118 297 322 46 141 — Étude de Chien. Ch.

200 352 572 51 COHEN (Lewis), C. C. L, 15, Crossfield Road,

228 389 469 39 South Hampstead, Londres (Angleterre).

116 422 436 41 142 — Dans le Désert. Biskra. D. Pl.

118 450 525 45 143 — L'approche du Siroco à Biskra. D. Pl.

116 487 536 38 144 — Le Soir dans le Désert à Biskra. D. Pl.

117 508 525 41 145 — Convoi de Chameaux à Biskra. D. Pl.

117 540 388 35 146 — Fondouk à Biskra. D. Pl.

119 566 474 50 147 — Le Quartier arabe à Alger. D. Pl.

202 629 572 56 COLARD (Hector), 4, rue de la Banque, Bruxelles

225 667 130 40 (Belgique).

116 698 340 42 148 — La Fin de la Journée.

118 726 237 41 149 — Fin du Jour.

116 759 343 38 150 — Mourantes Splendeurs.

116 789 244 33 151 — Avant-Hiver.

195 840 578 50 COMMESSY (Charles), Allonne, près Beauvais

224 872 84 42 (Oise).

114 903 654 51 152 — Le Chant de l'Alouette (imité de J. Breton). D. Ch. V.

116 935 501 46 153 — Les Glaneuses (imité de Millet). Hel.

117 970 365 35 154 — Femme aux Poules. Ph.
