554 960
237 41 61 28 — 12 —

124 79 177 36 BALLIF (Henry).

178 105 291 40 2, rue Balzac, Tours (Indre-et-Loire).

63 137 406 34 29 Étude d'arbres, Moulin des Arpentis. D. Ch. Fr.

60 166 407 35 30 Le Chenal du port des Sables (Vendée). D. Ch. Fr.

120 238 231 33 BEAU. S. A. E.— S. F. P.

235 262 230 43 10, rue de la Terrasse, Paris.

61 296 208 35 31 Au Drochon (Beuzeval).

56 322 160 28 32 Rentrée au port.

117 386 312 46 BÉDOYERE (Comte Ch. de la).

204 424 260 32 19, rue Ville-Pepin, Saint-Servan

218 446 130 30 (Ille-et-Vilaine).

52 468 228 48 33 Sœur Antoinette. D. Gb.

113 550 169 36 BEGOZ (Alfred).

250 577 211 39 4, cite d’Hauteville, Paris.

49 608 214 35 34 Communiante. Ch. Fr.

49 636 198 34 35 Marée basse. Ch. Fr.

108 697 185 47 BELIN (Édouard).

196 734 259 41 3, rue Francisque-Sarcey. Paris.

45 764 148 33 36 Étude. D. Ch.

44 792 365 28 37 La Baroche, (planche d’« Alsace »). D. Ch.

45 814 343 37 38 Coucher de soleil sur le Léman. D. Ch.
