554 960
196 60 62 23 — 13 —

85 93 349 40 BELLIENI (Henri). S. F. P. - SOC.

125 125 93 31 LORRAINE.

132 145 302 46 17, Place Carnot, Nancy (Meurthe-et-

155 176 80 28 Moselle).

22 193 158 40 39 Le Soir. A. Ch.

24 224 189 26 40 La Préférée. A. Ch.

21 240 243 32 41 Vaches à la rivière. A. Ch.

20 268 204 22 42 A l’abreuvoir. A. Ch.

21 284 207 34 43 Sur le Léman. A. Ch.

84 348 348 38 BELLIVET (Georges). P. C. P. - A. N.

197 384 235 38 Montclair, La Mantega, Nice.

20 413 186 34 44 Bretonne lisant. L.

21 438 157 30 45 La Causette. L.

83 508 324 36 BERGON (Paul). P. C. P.-S. F. P.

169 536 262 38 40, boulevard Haussmann, Paris.

20 569 100 28 46 Portrait.

20 589 337 30 47 Vignette 1830. — Le Livre d’Estampes.

20 609 290 27 48 Vignette 1830. — La Confidence.

20 629 270 25 49 Vignette 1830. — La Causerie.

19 647 412 33 50 Vignette 1830. — Le Départ pour la promenade.

20 668 127 34 51 Déclaration.

81 729 254 44 BERTRAND (Hippolyte).

216 765 214 31 13, place Olivier, Toulouse

232 792 145 34 (Haute-Garonne).

16 808 154 33 52 La Vague. Ch.

20 836 150 43 53 La Vague. Ch.
