577 999
307 60 60 33 — 58 —

194 102 349 42 PERSONNAZ (A.). S. F. P. - S. A. E.

328 135 215 43 4, rue Sainte-Cécile, Paris.

133 165 265 37 536 Portrait en plein air. A. Ch.

133 193 285 30 537 Le Vent dans la plaine. A. Ch.

131 213 263 29 538 Le Nuage qui pase. A. Ch.

134 237 266 26 539 Le Retour du travail. A. Ch.

133 257 232 32 540 La Neige tombe. A. Ch.

193 330 256 42 PETIT (Charles). P. C. P.

309 354 233 47 30, avenue de Messine, Paris.

134 395 294 40 541 Marché de Saint-Tropez. A. Br.

193 475 167 41 PETIT (Roger).

311 497 232 47 30, avenue de Messine, Paris.

129 534 127 41 542 La Popote.

194 615 195 40 PINTE (Capitaine).

313 635 229 48 17, boulevard Pasteur, Paris.

131 676 346 33 543 Au Bois de Boulogne, en hiver. A. Br.

131 699 405 36 544 Coucher de soleil, rade de Saint-Malo. A. Br.

194 774 173 39 PORTAILLIER.

258 801 284 42 6, boulevard de la Madeleine, Paris.

134 835 354 46 545 Bords de la Seine près Suresnes. A. Br.
