554 941
285 2 55 30 — 72 —

173 38 238 38 VUILLIEMIN (Mme G.).

313 65 204 40 16, quai de Passy, Paris.

108 93 278 32 710 Germaine, contre-jour. A. Br.

109 120 275 23 711 Germaine, contre-jour. A. Br.

107 139 274 31 712 Germaine, contre-jour. A. Br.

167 181 195 40 WALDMANN (A.).

309 207 206 40 Pont-l'Évêque (Calvados).

107 237 268 35 713 Rentrée des barques. A. Gb.

166 287 348 40 WALLON (Étienne). P. C. P. - S. A. E.

318 320 195 33 65, rue de Prony, Paris.

106 339 173 35 714 Chemin d’Alsace.

104 369 114 24 715 Au soleil.

106 383 210 30 716 Effet de soir sur l’eau.

105 406 329 27 717 Étude de mouvement — la Vanneuse.

105 429 327 27 718 Étude de mouvement — la Diligence.

166 471 296 37 WARBURG (Miss Agnès B.).

225 501 288 33 8, Porchester Terrace, Londres W.

102 526 196 31 719 Vers l’ouest. A. Br.

102 552 291 29 720 Murmures de Printemps. D. Pl.

101 572 263 29 721 Le silence du marais. D. Pl.

100 592 209 29 722 Le Gommiste. D. Pl.

164 635 229 34 WARBURG (John C.).

205 664 305 37 21, Pembridge Gardens, Londres W.C.

233 687 108 28 (Angleterre).

101 706 224 35 723 Dans le marais. A. Gb.

102 733 139 22 724 Sita. A. Gb.

102 752 240 31 725 Reflets sur la mer. A. Br.

102 769 170 40 726 Sur le lit. D. Pl.
