997 1531
502 136 75 47 — 20 —

262 197 198 47 146 — La Herse.

261 238 432 47 147 — Pendant la Fenaison, en Morvan.

347 293 463 38 COUTANT (P.), 8, rue du Pont-Neuf, Par¬

372 324 227 34 thenay (Deux-Sèvres).

260 352 488 47 148 — Moulin à Saint-Paul, près Parthenay.

259 391 358 47 149 — Prairie. Étude de frênes.

261 429 291 49 150 — Le Pont de l'Arche.

260 470 199 39 151 — Fontaine.

262 503 385 46 152 — Vallée du moulin de l'Arche.

261 548 276 41 153 — La Dertrandière.

349 594 462 49 CRAIG-ANNAM (G.), 230, Sanchiechall

372 632 250 31 street, Glasgow (Écosse).

260 658 354 48 154 — Une Pastorale (Utrecht).

262 706 306 36 155 — Femmes de pêcheurs.

260 736 236 48 156 — Un Dog-cart.

261 774 142 39 157 — Jan.

262 810 341 44 158 — Une Maison à Alkmaar.

260 849 287 45 159 — Chemin des Dunes.

262 886 249 44 160 — Travail du soir.

261 924 230 43 161 — Un Portrait.

261 959 328 45 162 — Un Troupeau de brebis.

259 997 181 46 163 — A Midi.

262 1035 307 43 164 — Canal, en Hollande.

259 1072 381 50 165 — Sur la Plage de Zaanvoort.

262 1118 169 39 166 — Reflets.

264 1153 381 46 167 — L'Aube dans les montagnes.

262 1190 253 45 168 — Chrysanthèmes.

344 1240 419 47 CRIÉSIS, 19, rue Clément-Marot, Paris.

261 1280 451 64 169 — Nemours. — Les bords du Loing.
