908 1479
431 96 85 53 — 24 —

202 179 335 41 226 — Confidence interrompue.

203 224 283 37 227 — Souvenirs fugitifs.

204 253 326 46 228 — Le Jardin de la nature.

204 292 240 50 229 — Matinée d'été.

292 343 463 51 EYMIN (Georges), boulevard de la Répu¬

318 379 233 43 blique, Vienne (Isère).

204 423 438 40 230 — Patineurs sur les bords du Rhône.

207 458 420 47 231 — Intérieur de ferme en Dauphiné.

294 513 461 44 FAVERNEY (Vicomte de), villa des Agaves,

320 549 435 37 boulevard Carnot, Nice (Alpes-Maritimes).

208 587 439 44 232 — Ruines de l'abbaye d'Allerheiligen

297 642 461 43 FRAISSE (Joseph), 3, quai du Port-Mail¬

318 676 317 42 lard, Nantes (Loire-Inférieure).

204 717 253 40 233 —Étude d’arbres.

210 754 268 45 234 — Régates en Loire.

301 809 461 47 FRECHON (Emile), Boulogne-sur-Mer et à

325 844 174 39 Biskra (Algérie).

210 880 368 49 235 — Un Harem en déplacement.

212 919 308 44 236 — La Lessive au désert.

213 957 331 40 237 — Dans les Lauriers roses.

214 995 288 41 238 — Une Rue à Biskra.

214 1031 388 48 239 — La Porte d'or à El-Kantara.

215 1072 354 42 240 — La Rivière à El-Kantara.

305 1130 362 48 GABRIEL, 3, rue Chalgrin, Paris.

217 1173 255 41 241 — Cavée à Jauval.

215 1211 255 48 242 — Cavée à Jauval.

217 1244 165 48 243 — Étude.
