902 1502
442 128 66 47 — 36 —

281 216 463 44 ROTHSCHILD (Baron Nathaniel de), IV.

310 252 432 40 Theresianumgasse, 14, Vienne (Autriche).

197 290 385 45 425 — Entrée d'une vieille mosquée.

197 326 450 43 426 — Porte de la Cathédrale de Cagliari.

195 365 363 43 427 — Au bord du désert. Briska.

286 440 463 55 ROUCHRONNAT  (Henri), 10, quai du Louvre,

309 479 69 36 Paris.

199 520 389 43 428 — Veille Maison en Bourgogne.

286 588 473 45 ROUILLÉ-LADEVÈZE, 17, quai de

311 618 374 46 Poissonnière, Tours (Indre-et-Loire).

201 665 277 47 429 — La Loire à Tours.

200 704 332 43 430 — Les Vaches au ruisseau.

200 740 352 42 431 — Le Cher à Saint-Avertin.

196 779 281 47 432 — Le Lac de Cange.

201 814 480 52 433 — Les Sapins des Dunes à Berk-sur-Mer.

202 861 208 40 434 — Mon Chat.

202 894 310 39 435 — L’lle Simon à Tours.

201 932 316 38 436 — Le Bassin de Cadoret.

204 968 328 47 437 — Chalands à la remonte.

204 1005 294 46 438 — Retour de pêcheuses.

202 1043 490 48 439 — Un Enterrement d'enfant en Touraine.

290 1118 464 49 ROWLAND BRIANT, 200, Kennington

318 1159 208 31 Park road, Londres.

205 1186 238 48 440 — Un Vieillard.

207 1234 344 41 441 — Un Marais par la gelée.

206 1269 330 52 442 — Les Bouleaux argentés.
