924 1520
332 244 237 52 RÈGLEMENT

439 312 27 32 DE

247 354 403 71 L’EXPOSITION

147 514 640 42 ARTICLE PREMIER. — Une Exposition Internationale d’Art photogra¬

102 548 497 38 phique aura lieu à Paris du 10 au 30 Janvier 1894.

140 576 576 34 ART. 2. — Le but de l’Exposition est essentiellement artistique.

144 606 643 31 ART. 3. — Ne pourront y -figurer que les œuvres qui, en dehors

106 632 681 33 d’une bonne exécution technique, présenteront un réel caractère

103 652 682 40 artistique par le choix du sujet, son éclairage, ou la composition

106 689 507 30 du tableau (Portraits, paysages, scènes de genre).

141 708 644 44 ART. 4. — Chaque épreuve devra être présentée séparément, soit

105 735 441 38 dans un cadre, soit montée sur bristol, sous verre.

143 762 519 37 elle devra porter le titre du sujet et le nom de son auteur.

141 787 643 45 ART. 5. — Les œuvres exposées pourront avoir déjà figuré à d'autres.

101 818 217 35 expositions et concours.

140 846 644 38 ART. 6. — Les emplacements sont donnés gratuitement. Les expoants

98 871 662 38 n'auront à supporter que les frais d'expédition et le retour de leurs envois.

139 903 643 34 ART. 7. — Les demandes d’admission devront être adresées, avant le

101 925 546 37 1er novembre 1893, à M. le Secétaire général du Photo-Club.

139 951 640 39 ART. 8. — Les envois devront parvenir, au plus tard, le 10 décembre,

97 981 350 36 au Photo-Club, 40, rue des Mathurins.

141 1010 641 33 La réexpédition des œuvres, admises ou non, sera faite dans les premiers

100 1038 271 33 jours du mois de fèvrier 1894.

135 1055 644 40 ART. 9. — Un jury d’admission, composé de dix membres choisis parmi

95 1085 683 37 les notabilités artistiques et photographiques, et dont la liste sera communi¬

97 1115 681 35 quée aux exposants le 15 novembre, examinera les envois et choisira ceux

97 1143 679 40 qui seront dignes de figurer à I'Exposition. Ses décisions seront sans appel.

135 1167 396 38 ART. 10. — Il n’y aura pas de récompense.

139 1199 636 32 Chaque exposant recevra une médaille commémorative gravée à son pom.

174 1232 204 48 Le Secrétaire général,

256 1269 162 52 P. BOURGEOIS.

529 1243 127 40 Le Président,

579 1270 143 48 M. BUCQUET.
