893 1493
99 156 551 55 sant. On comprend, par la façon même dont il obtient son

100 204 548 29 œuvre, que la liberté soit moindre pour le photographe que

100 231 547 35 pour le peintre, par exemple. Elle n’en existe pas moins,

103 257 104 29 cependant.

122 267 528 42 Si intimement lié d'apparence avec la réalité rigou¬

102 302 548 32 reuse, presque brutale, des éléments naturels corrobo¬

102 327 546 32 rant à son œuvre, le photographe reste libre et peut inven¬

102 352 548 31 ter. Evidemment, il n’inventera ni le ciel, ni les terrains, ni

103 376 548 35 les arbres, ni les eaux, mais entre toutes les combinaisons

102 401 548 31 de sensations qui constitueront l’ordonnance et l’harmonie

103 424 547 35 de son sujet, il choisira invariablement celles se conformant

102 451 548 29 le mieux à son tempérament. Il confèrera plus ou moins

100 475 550 33 d’importance à tel ou tel élément du motif ; il atténuera ou

102 500 546 33 éliminera, dans la mesure des moyens que lui offre le pro¬

102 525 548 31 cédé qu’il emploie, tel ou tel autre élément, suivant que la

102 546 548 31 tache donnée par cet élément fera mieux ici que là, con¬

102 572 548 35 courra ou nuira à l’effet cherché, voulu, à l’harmonie géné¬

102 593 548 39 rale ou à l’impression totale qu’il s’agit d’obtenir. Certains

102 623 549 28 éléments matériels ne peuvent être détruits sur la nature

102 641 549 38 même. Le photographe dans ce cas se trouve à peu près

102 668 549 33 impuissant et son art restreint tout en restant cependant

102 695 549 31 un art. Quant aux atténuations des parties d’ombres et de

103 719 548 32 lumière, elles se présentent toujours possibles par une

102 745 549 31 marche savante du développement, par l’emploi de vernis ou

104 772 547 27 de collodions colorés apposés au dos du phototype avant le

103 795 547 34 tirage de la photocopie. Ceux-ci encore rencontrent un puis¬

102 814 548 40 sant auxiliaire dans le choix des papiers d’impression et les

103 847 270 31 colorations dues aux virages.

122 863 529 34 Les photographes, comme les peintres, peuvent aussi

103 892 545 31 mettre en relief différents motifs sur un même sujet. Chaque

103 916 547 34 œuvre corespondra ainsi à l’idéal particulier à chaque

103 943 545 34 artiste, constituera l’essence propre de son tempérament,

102 964 221 32 formera son originalité.

122 981 528 37 Maintenant, examinons les deux attributs primordiaux :

100 1009 267 34 l'ordonnance et l’expression.

118 1032 533 39 L'ordonnance peut plaire à nos yeux sans toucher notre

100 1060 551 32 âme, ou toucher notre âme sans plaire à nos yeux. De là

103 1089 547 29 deux choses à considérer, à observer, à concilier autant que

102 1108 548 36 possible, deux choses qui sont : l’une, la beauté optique ;

103 1134 244 35 l'autre, la beauté poétique.

122 1158 525 33 En photographie, la première demeure la plus importante,

103 1183 545 35 parce qu’elle reste, sans contredit, celle que le photographe

104 1209 544 33 peut le plus sûrement obtenir. La seconde, pour si dificile

100 1235 543 29 qu’elle paraisse, peut cependant être attaquée et vaincue,

102 1255 545 31 surtout à certaines heures du jour, par une pondération habile

105 1280 545 57 des lumières et des ombres. Cette ordonnance dans le clair-

343 138 66 33 — V —
