924 1520
346 140 88 24 — VII —

133 159 531 48 Le Photo-Club de Paris semblait tout désigné pour prendre

116 196 406 35 l’initiative d’un Salon d’Art photographique.

135 221 530 32 Composé d'esprits éclairés, ouverts à toutes les nouveau¬

117 247 548 32 tés, ardents à la recherche du progrès, tous amateurs, au

117 272 548 34 meilleur sens du mot, c'est-a-dire travaillant pour leur

115 300 550 30 satisfaction personnelle, pour l’amour de l’art et pour la

115 325 550 34 plus grande gloire de la photographie, sans parti pris, sans

115 348 550 33 étroitesse d'école, sans préoccupation de faire marchandises

117 373 549 32 de leurs œuvres, le Photo-Ctub de Paris a compris le rôle

116 396 548 34 qu’il devait jouer et la tâche qui s’imposait à lui. Rôle ingrat,

119 421 546 36 peut-être ; tâche lourde, certainement. Bravement le Photo-

116 447 550 30 Club de Paris a joué le rôle ; plus bravement encore il a

119 472 548 29 assumé la tâche. Il a battu dans tous les pays le rappel de

117 492 550 34 l’Art photographique, il a rasemblé un jury composé de

117 518 550 34 notabilités artistiques et tel que la majorité appartînt, sans

117 544 550 32 conteste, à des artistes très nettement en dehors de tout ce

119 568 403 31 qui a trait à la techmnique photographique.

135 591 532 32 C’est le résultat de l’examen de ce jury, si parfaitement

119 615 548 36 indépendant pour l’Art photographique, que le Photo-Club de

119 642 547 33 Paris soumet aujourd'hui à l'appréciation de tous. Il désille-

117 668 550 33 ra bien des yeux. Souhaitons aussi qu’il fasse beauçoup

119 692 548 36 d'adeptes et incite chacun à dire : Oui vraiment ! les Beaux-

119 714 519 44 Arts ont un rameau nouveau dans l'Art Photographique !

420 784 204 53 FRÉDÉRIC DILLAYE
