600 997
333 97 59 28 — IV —

172 119 398 56 ART. 9. — Les envois devront parvenir au plus tard, au Photo-

162 158 258 29 Club de Paris, le 15 avril, délai de rigueur.

176 163 398 42 La réexpédition des œuvres admises ou non, sera faire au plus

164 181 409 40 tard, sous les quinze jours qui suivront la clôture de l'Exposition.

176 197 396 43 ART. 10. — Un jury d'admission composé de personnalités appar¬

167 222 404 36 tenant aux diverses branches de l’Art, et dont la liste sera commu¬

164 234 411 40 niquée aux exposants examinera les envois et choisira ceux qui lui

167 259 268 32 sembleront dignes de figurer à l’Exposition.

180 278 193 29 Ses décisions seront sans appel.

177 283 397 41 ART. 11. — Le Photo-Club n'entend assumer aucune respon¬

167 304 411 37 sensibilité en cas d'incendie des œuvres exposées, mais  il prendra les

167 325 292 36 mesures nécessaires pour éviter tous les risques.

181 345 272 33 ART. 12. — Il n'y aura pas de récompenses.

180 350 400 47 Chaque exposant recevra une plaquette commémorative gravée à

171 388 60 24 son nom.

182 391 400 41 ART. 13. — Une carte d'entrée permanente sera délivrée à

169 411 412 52 chacun des exposants. Cette carte sera rigoureusement personnelle.

217 456 126 36 Le Secrétaire général,

245 481 110 30 PAUL BOURGEOIS.

429 441 80 36 Le Président,

405 471 117 30 MAURICE BUCQUET.
