558 991
203 72 64 32 — 13 —

25 117 375 39 ☙ BERGON (Paul) P. C. P. - S P. F.

139 150 256 34 40, boulevard Haussmann, aris.

97 184 176 34 43 Offrande à la Mer.

97 207 140 32 44 Joyeux appel.

97 229 103 29 45 Nymphe.

96 247 166 29 46 Nymphe au bain.

99 276 136 24 47 Une nymphe.

95 289 90 27 48 Pygeia.

96 313 141 23 49 Désespérance.

95 327 226 34 50 Les Vierges des Rochers.

23 398 212 33 ☙ BERL(Oscar).

133 421 297 38 I Schottenring, 7, Vienne (Autriche).

94 466 199 27 51 Jour de Printemps. D.

94 487 195 30 52 Après la Pluie. A. Pl.

17 545 412 47 ☙ BERTEAUX (Georges) P. C. P. - S. F. P.

130 579 297 44 75, avenue du Roule, Neuilly (Seine).

89 616 269 35 53 Portrait de M. le Dr S... D. Ch.

88 643 136 26 54 Étude. D. Pl.

87 660 337 38 55 Crépuscule dans la vallée de la Touques.

146 687 48 24 D. Pl.

16 744 214 46 ☙ BIENDINÉ (A.).

127 770 296 44 72 bis, rue de la Paix, Boulogne-sur-

158 798 164 33 Mer (Pas-de-Calais).

84 833 253 31 56 Le Chemin des Meuniers. D.

85 856 290 40 57 Il n'y a pas de feu sans fumée. D.
