564 995
296 54 64 38 — 16 —

127 99 289 51 ☙ ☙ BOLTON (FRANCIS A.).

233 126 235 39 Moor Court, Oakamoor, Nort

266 146 203 42 Staffordshire (Angleterre).

196 185 243 38 83 La Vague et le Vent. D. Pl.

197 199 302 52 84 Fin d'une Journée orageuse. D. Br.

130 257 271 53 ☙ BOUSQUET (Ch. du).

238 285 176 47 44, rue d'Assas, Paris.

199 321 189 48 85 Rêverie d'artiste. Pl.

131 373 408 55 ☙ BOUTIQUE (Augustin) S. DU NORD DE

209 421 106 28 LA FRANCE.

239 427 297 47 24, rue Saint-Thomas, Douai (Nord).

199 475 199 35 86 Paysage flamand. Ch.

201 497 189 36 87 Journée d’Hiver. Ch.

131 556 186 41 ☙ BOVIER (L.).

243 570 272 46 168, boulevard Anspach, Bruxelles.

200 606 275 47 87 bis La Bête est trop vieille. Ch.

133 664 220 50 ☙ BRACQ (Victor).

240 689 279 43 52, Grande-Rue, Boulogne-sur-Mer.

201 729 299 40 88 La Liane après une crue. D. C. cl.

202 756 336 37 89 Ruisseau de la vallée du Dénacie.

254 779 79 26 D. C. cl.

202 787 306 42 90 Une Histoire intéressante. D. G. cl.

203 815 257 34 91 Les Moissonneuses. D. C. cl.

204 831 288 47 92 Une Vue de la falaise d'Équihen.
