577 991
239 83 58 34 — 21 —

61 120 354 46 ☙ CLERAULT (Mlle Germaine).

172 147 161 42 42, rue de Monceau.

126 190 246 32 148 Sur la Mer de glace. A. Br.

128 208 341 42 149 Coucher du Soleil derrière le Cervin.

189 237 56 22 A. Br.

126 246 342 42 150 La Boutonne. (Saint-Jean-d'Angély).

190 278 54 22 A. Br.

127 284 259 45 151 Pont-Aven (Finistère). A. Br.

63 379 270 43 ☙ COHEN (Lewis) L. R.

175 404 297 42 146, Fellows Road, Hampstead (An¬

204 435 75 29 gleterre).

128 457 128 26 152 Colombine.

62 535 257 50 ☙ COLLAS (Charles).

174 567 298 45 24, rue Saint-Martin, Cognac (Cha¬

206 594 53 30 rente).

128 616 332 47 153 Les Quais de Cognac, en mars. D. Br.

130 648 261 38 154 Crépuscule d'Octobre. D. Br.

62 736 323 48 ☙ COLON (Henri) A. B. DE PH.

176 758 295 52 19, rue des Douze Mois, Anvers (Bel¬

206 792 57 33 gique).

128 820 233 36 155 La Visite au Cuirassé. D.

128 843 256 33 156 La Femme au Rouet. D. Pl.

128 857 341 51 157 Musoir du vieux Bassin (Anvers). A. Br.
