577 991
133 269 210 56 Règlement

42 394 394 37 ARTICLE PREMIER.  — Le Cinquième Salon International de Photo-

28 422 407 29 graphie du Photo-Club de Paris aura lien à Paris, galerie des Champs-

28 436 257 25 Élysées (avenue des Champs-Elysées, 72).

42 452 395 31 Il restent ouvert du mardi 3 mai au dimanche 29 mai inclus, de

28 468 236 25 10 heures du matin à 6 heures du soir.

38 486 370 35 ART. 2. — Le but de l'Exposition est essentiellement artistique.

38 508 396 34 ART. 3. — Ne pourront y figurer que les œuvres qui présenteront

26 528 407 26 un réel caractère artistique, par le choix du sujet, son éclairage ou

24 542 409 34 Ia composition du tableau (paysages, scènes de genres, études, etc.).

38 562 395 35 ART. 4. — Chaque épreuve devra être présentée séparément, soit

23 579 300 30 dans un cadre, soit montée sur bristol sous verre.

38 596 394 28 Elle devra porter au verso le nom de son auteur et le titre du sujet

23 611 409 33 et être accompagnée autant que possible, d'une note contenant des

23 630 237 25 renseignements sur le procédé employé.

35 649 394 27 ART. 5. — La dimension des cadres ne pourra excéder un mètre cin¬

23 665 406 32 quante sur un mètre vingt-cinq. Chaque exposant ne pourra exposer

22 683 392 31 un nombre d’épreuves supérieur à dix, quel que soit leur format.

32 703 397 29 ART. 6. — Les œuvres exposées, pourront avoir déjà figuré à

22 721 356 26 d’aures expositions que celles organisées par le Photo-Club.

32 737 395 29 Aucun tableau ne pourra être retiré avant la fermeture de l'Ex-

19 755 58 24 position.

31 771 395 30 ART. 7. — Les emplacements sont donnés gratuitement. Les

17 791 410 30 exposants n'auront à supporter que les frais d'expédition et de retour

16 806 100 23 de leurs envois.

29 823 396 33 ART. 8. — Les demandes d'admission devront être adressées

14 843 411 37 avant, le 1er avril 1898 à M. le Secrétaire général du Photo-Club,

14 860 169 31 44, rue des Mathurins, Paris.
